@article{Field1977,
	pages = {379--409},
	volume = {74},
	number = {July},
	author = {Hartry Field},
	journal = {Journal of Philosophy},
	title = {Logic, Meaning, and Conceptual Role},
	publisher = {Journal of Philosophy Inc},
	year = {1977}
}

@article{Leitgeb2010,
	pages = {201--235},
	year = {2010},
	number = {2},
	title = {An Objective Justification of Bayesianism I: Measuring Inaccuracy},
	author = {Hannes Leitgeb and Richard Pettigrew},
	volume = {77},
	journal = {Philosophy of Science}
}

@phdthesis{sahlgren2006word,
  author = {Sahlgren, Magnus},
  school = {University of Stockholm (Sweden)},
  title = {{The Word-space model}},
  year = {2006}
}
@book{gärdenfors2004conceptual,
  author = {Gärdenfors, Peter},
  publisher = {The MIT Press},
  title = {Conceptual spaces: The geometry of thought},
  year = 2004
}
@book{Gardenfors2014-GRDTGO,
	publisher = {MIT Press},
	title = {The Geometry of Meaning: Semantics Based on Conceptual Spaces},
	author = {Peter Gärdenfors},
	year = {2014}
}
@inproceedings{erk2008structured,
  title={A structured vector space model for word meaning in context},
  author={Erk, Katrin and Pad{\'o}, Sebastian},
  booktitle={Proceedings of the Conference on Empirical Methods in Natural Language Processing},
  pages={897--906},
  year={2008},
  organization={Association for Computational Linguistics}
}
@inproceedings{collobert2008unified,
  title={A unified architecture for natural language processing: Deep neural networks with multitask learning},
  author={Collobert, Ronan and Weston, Jason},
  booktitle={Proceedings of the 25th international conference on Machine learning},
  pages={160--167},
  year={2008},
  organization={ACM}
}

@book{Earman1992-EARBOB,
	title = {Bayes or Bust?},
	year = {1992},
	author = {John Earman},
	publisher = {MIT Press}
}


@article{Fitelson1999-FITTPO-3,
	author = {Branden Fitelson},
	title = {The Plurality of Bayesian Measures of Confirmation and the Problem of Measure Sensitivity},
	pages = {378},
	volume = {66},
	number = {3},
	journal = {Philosophy of Science},
	publisher = {University of Chicago Press},
	year = {1999}
}
    
@article{Christensen1999,
 author = {David Christensen},
 journal = {The Journal of Philosophy},
 number = {9},
 pages = {437-461},
 publisher = {Journal of Philosophy, Inc.},
 title = {Measuring Confirmation},
 volume = {96},
 year = {1999}
}

@article{Broessel2013,
 author = {Peter Brössel},
 journal = {Philosophy of Science},
 number = {3},
 pages = {378-397},
 publisher = {[The University of Chicago Press, Philosophy of Science Association]},
 title = {The Problem of Measure Sensitivity Redux},
 volume = {80},
 year = {2013}
}
@article{Leitgeb2013-LEIRBS,
	publisher = {Elsevier},
	title = {Reducing Belief Simpliciter to Degrees of Belief},
	journal = {Annals of Pure and Applied Logic},
	pages = {1338--1389},
	year = {2013},
	volume = {164},
	author = {Hannes Leitgeb},
	number = {12}
}
